#######################################################################
#
#       IF YOU ARE GOING TO ADD/MODIFY:
#
#######################################################################
#       Sorting system is alphabetically by first author last name
#         then year of publish date.
#       If there are two papers from the same author and the same year,
#         first published one get to be "John_2023a" and second
#         is "John_2023b" and so on.
#
#       IMPORTANT: Make sure you include the field
#                note = {arXiv:####.#####}
#                  and add a comma at the end of the previous field
#
#######################################################################
@article{Abbott_2016,
	doi = {10.1103/physrevlett.116.131103},

	url = {https://doi.org/10.1103%2Fphysrevlett.116.131103},

	year = 2016,
	month = {mar},

	publisher = {American Physical Society ({APS})},

	volume = {116},

	number = {13},

	author = {B. P. Abbott and {The LIGO Scientific Collaboration} and {The Virgo Collaboration}},

	title = {{GW}150914: The Advanced {LIGO} Detectors in the Era of First Discoveries},

	journal = {Physical Review Letters},

  note = {arXiv:1602.03838}
}

@article{Abbott_2017a,
	doi = {10.3847/2041-8213/aa9a35},

	url = {https://doi.org/10.3847%2F2041-8213%2Faa9a35},

	year = 2017,

	month = {dec},

	publisher = {American Astronomical Society},

	volume = {851},

	number = {1},

	pages = {L16},

	title = {Search for Post-merger Gravitational Waves from the Remnant of the Binary Neutron Star Merger {GW}170817},

	journal = {The Astrophysical Journal},

  note = {arXiv:1710.09320},

  author = {B. P. Abbott and {The LIGO Scientific Collaboration} and {The Virgo Collaboration}}
}

@article{Abbott_2017b,
	doi = {10.1103/physrevlett.119.161101},

	url = {https://doi.org/10.1103%2Fphysrevlett.119.161101},

	year = 2017,
	month = {oct},

	publisher = {American Physical Society ({APS})},

	volume = {119},

	number = {16},

	author = {B. P. Abbott and {The LIGO Scientific Collaboration} and {The Virgo Collaboration}},

	title = {{GW}170817: Observation of Gravitational Waves from a Binary Neutron Star Inspiral},

	journal = {Physical Review Letters},

  note = {arXiv:1710.05832}
}
@article{Abbott_2018,
	doi = {10.1103/physrevlett.121.161101},

	url = {https://doi.org/10.1103%2Fphysrevlett.121.161101},

	year = 2018,
	month = {oct},

	publisher = {American Physical Society ({APS})},

	volume = {121},

	number = {16},

	author = {B. P. Abbott and {The LIGO Scientific Collaboration} and {The Virgo Collaboration}},

	title = {{GW}170817: Measurements of Neutron Star Radii and Equation of State},

	journal = {Physical Review Letters}
}
@article{Abbott_2020a,
	doi = {10.3847/2041-8213/ab75f5},

	url = {https://doi.org/10.3847%2F2041-8213%2Fab75f5},

	year = 2020,

	month = {mar},

	publisher = {American Astronomical Society},

	volume = {892},

	number = {1},

	pages = {L3},

	title = {{GW}190425: Observation of a Compact Binary Coalescence with Total Mass $\sim$3.4 {M}$_\odot$},

	journal = {The Astrophysical Journal Letters},

  note = {arXiv:2001.01761},

	author = {B. P. Abbott and {The LIGO Scientific Collaboration} and {The Virgo Collaboration}}
}
@article{Abbott_2020b,
	doi = {10.3847/2041-8213/ab960f},

	url = {https://doi.org/10.3847%2F2041-8213%2Fab960f},

	year = 2020,

	month = {jun},

	publisher = {American Astronomical Society},

	volume = {896},

	number = {2},

	pages = {L44},


	title = {{GW}190814: Gravitational Waves from the Coalescence of a 23 Solar Mass Black Hole with a 2.6 Solar Mass Compact Object},

	journal = {The Astrophysical Journal Letters},

  note = {arXiv:2006.12611},
	author = {R. Abbott and {The LIGO Scientific Collaboration} and {The Virgo Collaboration}}
}
@article{Abbott_2021,
	doi = {10.3847/2041-8213/ac082e},

	url = {https://doi.org/10.3847%2F2041-8213%2Fac082e},

	year = 2021,

	month = {jun},

	publisher = {American Astronomical Society},

	volume = {915},

	number = {1},

	pages = {L5},

	title = {Observation of Gravitational Waves from Two Neutron Star{\textendash}Black Hole Coalescences},

	journal = {The Astrophysical Journal Letters},

  note = {arXiv:2106.15163},

	author = {R. Abbott and {The LIGO Scientific Collaboration} and {The Virgo Collaboration}}
}

@misc{Abbott_2021b,
  doi = {10.48550/ARXIV.2111.03606},

  url = {https://arxiv.org/abs/2111.03606},

  author = {{The LIGO Scientific Collaboration} and {The Virgo Collaboration} and {The KAGRA Collaboration} and others},

  keywords = {General Relativity and Quantum Cosmology (gr-qc), High Energy Astrophysical Phenomena (astro-ph.HE), FOS: Physical sciences, FOS: Physical sciences},

  title = {GWTC-3: Compact Binary Coalescences Observed by LIGO and Virgo During the Second Part of the Third Observing Run},

  publisher = {arXiv},

  year = {2021},

  copyright = {Creative Commons Attribution 4.0 International},

  note = {arXiv:2111.03606}

}

@article{Boyle_2007,
	doi = {10.1103/physrevd.76.124038},

	url = {https://doi.org/10.1103%2Fphysrevd.76.124038},

	year = 2007,

	month = {dec},

	publisher = {American Physical Society ({APS})},

	volume = {76},

	number = {12},

	author = {Michael Boyle and Duncan A. Brown and Lawrence E. Kidder and Abdul H. Mrou{\'{e}
} and Harald P. Pfeiffer and Mark A. Scheel and Gregory B. Cook and Saul A. Teukolsky},

	title = {High-accuracy comparison of numerical relativity simulations with post-Newtonian expansions},

	journal = {Physical Review D},

  note = {arXiv:0710.0158}
}
@article{Carson_2019a,
	doi = {10.1103/physrevd.99.043010},

	url = {https://doi.org/10.1103%2Fphysrevd.99.043010},

	year = 2019,
	month = {feb},

	publisher = {American Physical Society ({APS})},

	volume = {99},

	number = {4},

	author = {Zack Carson and Andrew W. Steiner and Kent Yagi},

	title = {Constraining nuclear matter parameters with {GW}170817},

	journal = {Physical Review D},

  note = {arXiv:1812.08910}
}
@article{Carson_2019b,
	doi = {10.1103/physrevd.100.023012},

	url = {https://doi.org/10.1103%2Fphysrevd.100.023012},

	year = 2019,
	month = {jul},

	publisher = {American Physical Society ({APS})},

	volume = {100},

	number = {2},

	author = {Zack Carson and Andrew W. Steiner and Kent Yagi},

	title = {Future prospects for constraining nuclear matter parameters with gravitational waves},

	journal = {Physical Review D}
}
@article{Duez_2008,
	doi = {10.1103/physrevd.78.104015},

	url = {https://doi.org/10.1103%2Fphysrevd.78.104015},

	year = 2008,

	month = {nov},

	publisher = {American Physical Society ({APS})},

	volume = {78},

	number = {10},

	author = {Matthew D. Duez and Francois Foucart and Lawrence E. Kidder and Harald P. Pfeiffer and Mark A. Scheel and Saul A. Teukolsky},

	title = {Evolving black hole-neutron star binaries in general relativity using pseudospectral and finite difference methods},

  note = {arXiv:0809.0002},

	journal = {Physical Review D}
}
@article{Duez_2020,
	doi = {10.1103/physrevd.102.104050},

	url = {https://doi.org/10.1103%2Fphysrevd.102.104050},

	year = 2020,
	month = {nov},

	publisher = {American Physical Society ({APS})},

	volume = {102},

	number = {10},

	author = {Matthew D. Duez and Alexander Knight and Francois Foucart and Milad Haddadi and Jerred Jesse and Fran{\c{c}
}ois H{\'{e}}bert and Lawrence E. Kidder and Harald P. Pfeiffer and Mark A. Scheel},

	title = {Comparison of momentum transport models for numerical relativity},

	journal = {Physical Review D}
}
@article{Fleck_1971,
  title = {An implicit Monte Carlo scheme for calculating time and frequency dependent nonlinear radiation transport},
  journal = {Journal of Computational Physics},
  volume = {8},
  number = {3},
  pages = {313-342},
  year = {1971},
  issn = {0021-9991},
  doi = {https://doi.org/10.1016/0021-9991(71)90015-5},
  url = {https://www.sciencedirect.com/science/article/pii/0021999171900155},
  author = {J.A. Fleck and J.D. Cummings}
  }
@article{Foucart_2008,
	doi = {10.1103/physrevd.77.124051},
  
	url = {https://doi.org/10.1103%2Fphysrevd.77.124051},
  
	year = 2008,
	month = {jun},
  
	publisher = {American Physical Society ({APS})},
  
	volume = {77},
  
	number = {12},
  
	author = {Francois Foucart and Lawrence E. Kidder and Harald P. Pfeiffer and Saul A. Teukolsky},
  
	title = {Initial data for black hole{\textendash}neutron star binaries: A flexible, high-accuracy spectral method},
  
	journal = {Physical Review D},

  note = {arXiv:0804.3787}
}
@article{Foucart_2013,
	doi = {10.1103/physrevd.87.084006},

	url = {https://doi.org/10.1103%2Fphysrevd.87.084006},

	year = 2013,
	month = {apr},

	publisher = {American Physical Society ({APS})},

	volume = {87},

	number = {8},

	author = {Francois Foucart and M. Brett Deaton and Matthew D. Duez and Lawrence E. Kidder and Ilana MacDonald and Christian D. Ott and Harald P. Pfeiffer and Mark A. Scheel and Bela Szilagyi and Saul A. Teukolsky},

	title = {Black-hole{\textendash}neutron-star mergers at realistic mass ratios: Equation of state and spin orientation effects},

	journal = {Physical Review D},

  note = {arXiv:1212.4810}
}
@article{Foucart_201801,
	doi = {10.1093/mnras/sty108},

	url = {https://doi.org/10.1093%2Fmnras%2Fsty108},

	year = 2018,
	month = {jan},

	publisher = {Oxford University Press ({OUP})},

	volume = {475},

	number = {3},

	pages = {4186--4207},

	author = {Francois Foucart},

	title = {Monte Carlo closure for moment-based transport schemes in general relativistic radiation hydrodynamic simulations},

	journal = {Monthly Notices of the Royal Astronomical Society},

  note = {arXiv:1708.08452}
}
@article{Foucart_201806,
	doi = {10.1103/physrevd.98.063007},

	url = {https://doi.org/10.1103%2Fphysrevd.98.063007},

	year = 2018,
	month = {sep},

	publisher = {American Physical Society ({APS})},

	volume = {98},

	number = {6},

	author = {F. Foucart and M.{\hspace{0.167em}
}D. Duez and L.{\hspace{0.167em}}E. Kidder and R. Nguyen and H.{\hspace{0.167em}}P. Pfeiffer and M.{\hspace{0.167em}}A. Scheel},

	title = {Evaluating radiation transport errors in merger simulations using a Monte~Carlo algorithm},

	journal = {Physical Review D},

  note = {arXiv:1806.02349}
}
@article{Foucart_2019a,
	doi = {10.1103/physrevd.99.044008},

	url = {https://doi.org/10.1103%2Fphysrevd.99.044008},

	year = 2019,
	month = {feb},

	publisher = {American Physical Society ({APS})},

	volume = {99},

	number = {4},

	author = {F. Foucart and M.{\hspace{0.167em}
}D. Duez and T. Hinderer and J. Caro and Andrew R. Williamson and M. Boyle and A. Buonanno and R. Haas and D.{\hspace{0.167em}}A. Hemberger and L.{\hspace{0.167em}}E. Kidder and H.{\hspace{0.167em}}P. Pfeiffer and M.{\hspace{0.167em}}A. Scheel},

	title = {Gravitational waveforms from spectral Einstein code simulations: Neutron star-neutron star and low-mass black hole-neutron star binaries},

	journal = {Physical Review D},

  note = {arXiv:1812.06988}
}
@article{Foucart_2019b,
	doi = {10.1103/physrevd.100.104048},
  
	url = {https://doi.org/10.1103%2Fphysrevd.100.104048},
  
	year = 2019,
	month = {nov},
  
	publisher = {American Physical Society ({APS})},
  
	volume = {100},
  
	number = {10},
  
	author = {F. Foucart and M. Duez and A. Gudinas and F. H{\'{e}
}bert and L. Kidder and H. Pfeiffer and M. Scheel},
  
	title = {Smooth equations of state for high-accuracy simulations of neutron star binaries},
  
	journal = {Physical Review D}
}
@article{Foucart_2020,
	doi = {10.3847/2041-8213/abbb87},
  
	url = {https://doi.org/10.3847%2F2041-8213%2Fabbb87},
  
	year = 2020,
	month = {oct},
  
	publisher = {American Astronomical Society},
  
	volume = {902},
  
	number = {1},
  
	pages = {L27},
  
	author = {Francois Foucart and Matthew D. Duez and Francois Hebert and Lawrence E. Kidder and Harald P. Pfeiffer and Mark A. Scheel},
  
	title = {Monte-Carlo Neutrino Transport in Neutron Star Merger Simulations},
  
	journal = {The Astrophysical Journal},

  note = {arXiv:2008.08089}
}
@article{Foucart_2021,
	doi = {10.1103/physrevd.103.064007},

	url = {https://doi.org/10.1103%2Fphysrevd.103.064007},

	year = 2021,
	month = {mar},

	publisher = {American Physical Society ({APS})},

	volume = {103},

	number = {6},

	author = {Francois Foucart and Alexander Chernoglazov and Michael Boyle and Tanja Hinderer and Max Miller and Jordan Moxon and Mark A. Scheel and Nils Deppe and Matthew D. Duez and Francois H{\'{e}
}bert and Lawrence E. Kidder and William Throwe and Harald P. Pfeiffer},

	title = {High-accuracy waveforms for black hole-neutron star systems with spinning black holes},

	journal = {Physical Review D}
}
@misc{Foucart_2023,
      title={General relativistic simulations of collapsing binary neutron star mergers with Monte-Carlo neutrino transport}, 
      author={Francois Foucart and Matthew D. Duez and Roland Haas and Lawrence E. Kidder and Harald P. Pfeiffer and Mark A. Scheel and Elizabeth Spira-Savett},
      year={2023},
      eprint={2210.05670},
      archivePrefix={arXiv},
      primaryClass={astro-ph.HE},
      note={arXiv:2210.05670}
}
@misc{Gonzalez_2022,
  doi = {10.48550/ARXIV.2210.16366},

  url = {https://arxiv.org/abs/2210.16366},

  author = {Gonzalez, Alejandra and Zappa, Francesco and Breschi, Matteo and Bernuzzi, Sebastiano and Radice, David and Adhikari, Ananya and Camilletti, Alessandro and Chaurasia, Swami Vivekanandji and Doulis, Georgios and Padamata, Surendra and Rashti, Alireza and Ujevic, Maximiliano and Brügmann, Bernd and Cook, William and Dietrich, Tim and Perego, Albino and Poudel, Amit and Tichy, Wolfgang},

  keywords = {General Relativity and Quantum Cosmology (gr-qc), High Energy Astrophysical Phenomena (astro-ph.HE), FOS: Physical sciences, FOS: Physical sciences},

  title = {Second release of the CoRe database of binary neutron star merger waveforms},

  publisher = {arXiv},

  year = {2022},

  copyright = {Creative Commons Attribution 4.0 International},

  note = {arXiv:2210.16366}
}

@article{Haas_2016,
	doi = {10.1103/physrevd.93.124062},

	url = {https://doi.org/10.1103%2Fphysrevd.93.124062},

	year = 2016,
	month = {jun},

	publisher = {American Physical Society ({APS})},

	volume = {93},

	number = {12},

	author = {Roland Haas and Christian D. Ott and Bela Szilagyi and Jeffrey D. Kaplan and Jonas Lippuner and Mark A. Scheel and Kevin Barkett and Curran D. Muhlberger and Tim Dietrich and Matthew D. Duez and Francois Foucart and Harald P. Pfeiffer and Lawrence E. Kidder and Saul A. Teukolsky},

	title = {Simulations of inspiraling and merging double neutron stars using the Spectral Einstein Code},

	journal = {Physical Review D},

  note = {arXiv:1604.00782}
}
@article{Hempel_2012,
	doi = {10.1088/0004-637x/748/1/70},

	url = {https://doi.org/10.1088%2F0004-637x%2F748%2F1%2F70},

	year = 2012,
	month = {mar},

	publisher = {American Astronomical Society},

	volume = {748},

	number = {1},

	pages = {70},

	author = {M. Hempel and T. Fischer and J. Schaffner-Bielich and M. Liebendörfer},

	title = {{NEW} {EQUATIONS} {OF} {STATE} {IN} {SIMULATIONS} {OF} {CORE}-{COLLAPSE} {SUPERNOVAE}
},

	journal = {The Astrophysical Journal},

  note = {arXiv:1108.0848}
}
@article{Israel_1979,
  title = {Transient relativistic thermodynamics and kinetic theory},
  journal = {Annals of Physics},
  volume = {118},
  number = {2},
  pages = {341-372},
  year = {1979},
  issn = {0003-4916},
  doi = {https://doi.org/10.1016/0003-4916(79)90130-1},
  url = {https://www.sciencedirect.com/science/article/pii/0003491679901301},
  author = {W. Israel and J.M. Stewart}
}


@misc{lalsuite,
      author         = "{LIGO Scientific Collaboration}",
      title          = "{LIGO} {A}lgorithm {L}ibrary - {LALS}uite",
      howpublished   = "free software (GPL)",
      doi            = "10.7935/GT1W-FZ16",
      year           = "2018"
}
@article{Lindblom_2006,
	doi = {10.1088/0264-9381/23/16/s09},

	url = {https://doi.org/10.1088%2F0264-9381%2F23%2F16%2Fs09},

	year = 2006,
	month = {jul},

	publisher = {{IOP} Publishing},

	volume = {23},

	number = {16},

	pages = {S447--S462},

	author = {Lee Lindblom and Mark A Scheel and Lawrence E Kidder and Robert Owen and Oliver Rinne},

	title = {A new generalized harmonic evolution system},

	journal = {Classical and Quantum Gravity},

  note = {arXiv:0512093}
}

@article{Lindblom_2010,
	doi = {10.1103/physrevd.82.103011},

	url = {https://doi.org/10.1103%2Fphysrevd.82.103011},

	year = 2010,
	month = {nov},

	publisher = {American Physical Society ({APS})},

	volume = {82},

	number = {10},

	author = {Lee Lindblom},

	title = {Spectral representations of neutron-star equations of state},

	journal = {Physical Review D}
}
@article{Miesch_2015,
	doi = {10.1007/s11214-015-0190-7},

	url = {https://doi.org/10.1007/s11214-015-0190-7},

	year = 2015,


	volume = {194},

	%number = {10},

	author = {Mark Miesch and William Matthaeus and Axel Brandenburg and Arakel Petrosyan and Annick Pouquet and Claude Cambon and Frank Jenko and Dmitri Uzdensky and James Stone and Steve Tobias and Juri Toomre and Marco Velli},

	title = {Large-Eddy Simulations of Magnetohydrodynamic Turbulence in Heliophysics and Astrophysics},

	journal = {Space Sci Rev}
}
@article{Pfeiffer_2003,
	doi = {10.1016/s0010-4655(02)00847-0},

	url = {https://doi.org/10.1016%2Fs0010-4655%2802%2900847-0},

	year = 2003,
	month = {may},

	publisher = {Elsevier {BV}
},

	volume = {152},

	number = {3},

	pages = {253--273},

	author = {Harald P. Pfeiffer and Lawrence E. Kidder and Mark A. Scheel and Saul A. Teukolsky},

	title = {A multidomain spectral method for solving elliptic equations},

	journal = {Computer Physics Communications},

  note = {arXiv:gr-qc/0202096}
}
@article{Pfeiffer_2007,
	doi = {10.1088/0264-9381/24/12/s06},

	url = {https://doi.org/10.1088%2F0264-9381%2F24%2F12%2Fs06},

	year = 2007,
	month = {may},

	publisher = {{IOP} Publishing},

	volume = {24},

	number = {12},

	pages = {S59--S81},

	author = {Harald P Pfeiffer and Duncan A Brown and Lawrence E Kidder and Lee Lindblom and Geoffrey Lovelace and Mark A Scheel},

	title = {Reducing orbital eccentricity in binary black hole simulations},

	journal = {Classical and Quantum Gravity},

  note = {arXiv:gr-qc/0702106}
}
@article{Radice_2012,
	doi = {10.1051/0004-6361/201219735},

	url = {https://doi.org/10.1051%2F0004-6361%2F201219735},

	year = 2012,
	month = {oct},

	publisher = {{EDP} Sciences},

	volume = {547},

	pages = {A26},

	author = {D. Radice and L. Rezzolla},

	title = {{THC}: a new high-order finite-difference high-resolution shock-capturing code for special-relativistic hydrodynamics},

	journal = {Astronomy \& Astrophysics},

  note = {arXiv:1206.6502}
}
@article{Radice_2014,
	doi = {10.1088/0264-9381/31/7/075012},

	url = {https://doi.org/10.1088%2F0264-9381%2F31%2F7%2F075012},

	year = 2014,
	month = {mar},

	publisher = {{IOP} Publishing},

	volume = {31},

	number = {7},

	pages = {075012},

	author = {David Radice and Luciano Rezzolla and Filippo Galeazzi},

	title = {High-order fully general-relativistic hydrodynamics: new approaches and tests},

	journal = {Classical and Quantum Gravity},

  note = {arXiv:1312.5004}
}
@article{Radice_2017,
	doi = {10.3847/2041-8213/aa6483},
  
	url = {https://doi.org/10.3847%2F2041-8213%2Faa6483},
  
	year = 2017,
	month = {mar},
  
	publisher = {American Astronomical Society},
  
	volume = {838},
  
	number = {1},
  
	pages = {L2},
  
	author = {David Radice},
  
	title = {General-relativistic Large-eddy Simulations of Binary Neutron Star Mergers},
  
	journal = {The Astrophysical Journal},

  note = {arXiv:1703.02046}
}
@article{Radice_2018,
	doi = {10.3847/2041-8213/aaf053},

	url = {https://doi.org/10.3847\%2F2041-8213\%2Faaf053},

	year = 2018,
	month = {dec},

	publisher = {American Astronomical Society},

	volume = {869},

	number = {2},

	pages = {L35},

	author = {David Radice and Albino Perego and Kenta Hotokezaka and Sebastiano Bernuzzi and Steven A. Fromm and Luke F. Roberts},

	title = {Viscous-dynamical Ejecta from Binary Neutron Star Mergers},

	journal = {The Astrophysical Journal},

  note = {arXiv:1809.11163}
}
@article{Raithel_2019,
	doi = {10.3847/1538-4357/ab08ea},

	url = {https://doi.org/10.3847\%2F1538-4357\%2Fab08ea},

	year = 2019,
	month = {apr},

	publisher = {American Astronomical Society},

	volume = {875},

	number = {1},

	pages = {12},

	author = {Carolyn A. Raithel and Feryal Özel and Dimitrios Psaltis},

	title = {Finite-temperature Extension for Cold Neutron Star Equations of State},

	journal = {The Astrophysical Journal},

  note = {arXiv:1902.10735}
}
@article{Raithel_2022a,
	doi = {10.1093/mnras/stac2450},

	url = {https://doi.org/10.1093%2Fmnras%2Fstac2450},

	year = 2022,
	month = {sep},

	publisher = {Oxford University Press ({OUP})},

	volume = {516},

	number = {4},

	pages = {4792--4804},

	author = {Carolyn A Raithel and Pedro Espino and Vasileios Paschalidis},

	title = {Finite-temperature effects in dynamical spacetime binary neutron star merger simulations: validation of the parametric approach},

	journal = {Monthly Notices of the Royal Astronomical Society},

  note = {arXiv:2206.14838}
}
@article{Raithel_2022b,
	doi = {10.1103/physrevd.106.023015},

	url = {https://doi.org/10.1103%2Fphysrevd.106.023015},

	year = 2022,
	month = {jul},

	publisher = {American Physical Society ({APS})},

	volume = {106},

	number = {2},

	author = {Carolyn A. Raithel and Vasileios Paschalidis},

	title = {Improving the convergence order of binary neutron star merger simulations in the Baumgarte- Shapiro-Shibata-Nakamura formulation},

	journal = {Physical Review D},

  note = {arXiv:2204.00698}
}
@article{Raaijmakers_2020,
	doi = {10.3847/2041-8213/ab822f},

	url = {https://doi.org/10.3847%2F2041-8213%2Fab822f},

	year = 2020,
	month = {apr},

	publisher = {American Astronomical Society},

	volume = {893},

	number = {1},

	pages = {L21},

	author = {G. Raaijmakers and S. K. Greif and T. E. Riley and T. Hinderer and K. Hebeler and A. Schwenk and A. L. Watts and S. Nissanke and S. Guillot and J. M. Lattimer and R. M. Ludlam},

	title = {Constraining the Dense Matter Equation of State with Joint Analysis of {NICER} and {LIGO}/Virgo Measurements},

	journal = {The Astrophysical Journal}
}
@article{Raaijmakers_2021,
	doi = {10.3847/2041-8213/ac089a},

	url = {https://doi.org/10.3847%2F2041-8213%2Fac089a},

	year = 2021,
	month = {sep},

	publisher = {American Astronomical Society},

	volume = {918},

	number = {2},

	pages = {L29},

	author = {G. Raaijmakers and S. K. Greif and K. Hebeler and T. Hinderer and S. Nissanke and A. Schwenk and T. E. Riley and A. L. Watts and J. M. Lattimer and W. C. G. Ho},

	title = {Constraints on the Dense Matter Equation of State and Neutron Star Properties from {NICER}'s Mass{\textendash}Radius Estimate of {PSR} J0740$+$6620 and Multimessenger Observations},

	journal = {The Astrophysical Journal Letters}
}
@article{Read_2023,
      title={Waveform uncertainty quantification and interpretation for gravitational-wave astronomy},
      author={Jocelyn S. Read},
      year={2023},
      eprint={2301.06630},
      archivePrefix={arXiv},
      primaryClass={gr-qc}
}
@ARTICLE{Shakura_1973,
       author = {{Shakura}, N.~I. and {Sunyaev}, R.~A.},
        title = "{Black holes in binary systems. Observational appearance.}",
      journal = {AAP},
         year = 1973,
        month = jan,
       volume = {24},
        pages = {337-355},
       adsurl = {https://ui.adsabs.harvard.edu/abs/1973A&A....24..337S},
      adsnote = {Provided by the SAO/NASA Astrophysics Data System}
}
@misc{spec,
  title={Spectral Einstein Code}, 

  note={https://www.black-holes.org/code/SpEC.html}, 

  journal={SpEC: Spectral Einstein Code}
}
@misc{spec_database,
  title={SXS Gravitational Waveform Database}, 

  note={https://data.black-holes.org/waveforms/index.html}, 

  journal={SXS Gravitational Waveform Database}
}
@article{Steiner_2013,
	doi = {10.1088/0004-637x/774/1/17},

	url = {https://doi.org/10.1088%2F0004-637x%2F774%2F1%2F17},

	year = 2013,
	month = {aug},

	publisher = {American Astronomical Society},

	volume = {774},

	number = {1},

	pages = {17},

	author = {A. W. Steiner and M. Hempel and T. Fischer},

	title = {{CORE}-{COLLAPSE} {SUPERNOVA} {EQUATIONS} {OF} {STATE} {BASED} {ON} {NEUTRON} {STAR} {OBSERVATIONS}
},

	journal = {The Astrophysical Journal},

  note = {arXiv:1207.2184}
}
@article{Szilagyi_2014,
	doi = {10.1142/s0218271814300146},

	url = {https://doi.org/10.1142%2Fs0218271814300146},

	year = 2014,
	month = {jun},

	publisher = {World Scientific Pub Co Pte Lt},

	volume = {23},

	number = {07},

	pages = {1430014},

	author = {B{\'{e}}la Szil{\'{a}}gyi},

	title = {Key elements of robustness in binary black hole evolutions using spectral methods},

	journal = {International Journal of Modern Physics D},

  note = {arXiv:1405.3693}
}
@article{Boyle_2009,
	doi = {10.1103/physrevd.80.124045},

	url = {https://doi.org/10.1103%2Fphysrevd.80.124045},

	year = 2009,
	month = {dec},

	publisher = {American Physical Society ({APS})},

	volume = {80},

	number = {12},

	author = {Michael Boyle and Abdul H. Mrou{\'{e}}},

	title = {Extrapolating gravitational-wave data from numerical simulations},

	journal = {Physical Review D},
  note = {arXiv:0905.3177}
}

@article{Noble2006,
  author =	 {Noble, Scott C. and Gammie, Charles F. and McKinney,
                  Jonathan C. and {Del Zanna}, Luca},
  title =	 {{Primitive Variable Solvers for Conservative General
                  Relativistic Magnetohydrodynamics}},
  journal =	 {The Astrophysical Journal},
  issn =	 {0004-637X},
  volume =	 641,
  number =	 1,
  pages =	 {626--637},
  year =	 2006,
  month =	 apr,
  doi =		 {10.1086/500349},
  url =		 {http://stacks.iop.org/0004-637X/641/i=1/a=626},
  keywords =	 {Hydrodynamics, Methods: Numerical,
                  Magnetohydrodynamics: MHD},
  archivePrefix ={arXiv},
  eprint =	 0512420,
  primaryClass = {astro-ph},
  arxivId =	 {astro-ph/0512420},
  adsurl =	 {http://adsabs.harvard.edu/abs/2006ApJ...641..626N}
}

@article{Doulis:2022vkx,
    author = {Doulis, Georgios and Atteneder, Florian and Bernuzzi, Sebastiano and Br\"ugmann, Bernd},
    title = "{Entropy-limited higher-order central scheme for neutron star merger simulations}",
    eprint = "2202.08839",
    archivePrefix = "arXiv",
    primaryClass = "gr-qc",
    doi = "10.1103/PhysRevD.106.024001",
    journal = "Phys. Rev. D",
    volume = "106",
    number = "2",
    pages = "024001",
    year = "2022"
}
